@article{Ouissam12,
  author = "Ouissam Belghazi, Mohamed Cherkaoui",
  title  = "Pitch Angle Control for variable speed wind turbines using genetic algorithm controller",
  journal = "Journal of Theoretical and Applied Information Technology",
  volume = "39. No. 1",
  year = "2012",
  pages = "005 - 010",
  keywords = "Pitch Angle, Genetic Algorithm, Wind, Turbine, Control",
  ISSN = "1992-8645"
}

@article{GeneticField,
  author= "Riccardo Poli, William B. Langdon, Nicholas F. McPhee",
  title = "A Field Guide to Genetic Programming",
  year ="2008",
  ISBN = "978-1-4092-0073-4"
}
