@book{Adzic11,
  Author = {Gojko Adzic},
  Title = {Specification by Example: How Successful Teams Deliver the Right Software},
  Publisher = {Manning Publications},
  Year = {2011},
  ISBN = {1617290084},
  URL = {http://www.amazon.com/Specification-Example-Successful-Deliver-Software/dp/1617290084%3FSubscriptionId%3D0JYN1NVW651KCA56C102%26tag%3Dtechkie-20%26linkCode%3Dxm2%26camp%3D2025%26creative%3D165953%26creativeASIN%3D1617290084}
}
@article{Ouissam12,
  author = "Ouissam Belghazi, Mohamed Cherkaoui",
  title  = "Pitch Angle Control for variable speed wind turbines using genetic algorithm controller",
  journal = "Journal of Theoretical and Applied Information Technology",
  volume = "39. No. 1",
  year = "2012",
  pages = "005 - 010",
  keywords = "Pitch Angle, Genetic Algorithm, Wind, Turbine, Control",
  ISSN = "1992-8645"
}

@book{GeneticField,
  author= "Riccardo Poli, William B. Langdon, Nicholas F. McPhee",
  title = "A Field Guide to Genetic Programming",
  year ="2008",
  ISBN = "978-1-4092-0073-4"
}
@article{Jelavic05,
  author= "Mate Jelavic, Nedjelko Peri",
  title="Wind Turbine Control for Highly Turbulent Winds",
  journal="Journal for Control, Measurement, Electronics, Computing and Communications, Vol.50 No.3-4 December 2009.",
  volume="50. No.3-4",
  year="2009",
  ISSN="0005-1144"
}
@INPROCEEDINGS{LaksPao, 
  author={Laks, J.H. and Pao, Lucy Y. and Wright, A.D.}, 
  booktitle={American Control Conference, 2009. ACC '09.}, 
  title={Control of wind turbines: Past, present, and future}, 
  year={2009}, 
  pages={2096-2103}, 
  keywords={fault diagnosis;power generation control;wind turbines;energy capture maximization;linear control approaches;turbine blade pitch-generator;turbulent wind disturbances;wind turbine control;Actuators;Blades;Control systems;Electric variables control;MIMO;Power engineering and energy;Torque control;Velocity control;Wind energy;Wind turbines}, 
  doi={10.1109/ACC.2009.5160590}, 
  ISSN={0743-1619},
}
